<?xml version="1.0" encoding="UTF-8"?><record xmlns="http://www.loc.gov/MARC21/slim" xmlns:cinclude="http://apache.org/cocoon/include/1.0" xmlns:zs="http://www.loc.gov/zing/srw/">
  <leader>00406cz  a2200133n  4500</leader>
  <controlfield tag="001">n 2010056798</controlfield>
  <controlfield tag="003">DLC</controlfield>
  <controlfield tag="005">20100831075019.0</controlfield>
  <controlfield tag="008">100830n| acannaabn          |a ana      </controlfield>
  <datafield tag="010" ind1=" " ind2=" ">
    <subfield code="a">n 2010056798</subfield>
  </datafield>
  <datafield tag="040" ind1=" " ind2=" ">
    <subfield code="a">DLC</subfield>
    <subfield code="b">eng</subfield>
    <subfield code="c">DLC</subfield>
  </datafield>
  <datafield tag="151" ind1=" " ind2=" ">
    <subfield code="a">Phillipsburg (N.J. : Town)</subfield>
  </datafield>
  <datafield tag="451" ind1=" " ind2=" ">
    <subfield code="a">Town of Phillipsburg (N.J.)</subfield>
  </datafield>
  <datafield tag="670" ind1=" " ind2=" ">
    <subfield code="a">GNIS, Aug. 30, 2010</subfield>
    <subfield code="b">(Town of Phillipsburg--Civil, 40°41ʹ20ʺN 75°10ʹ57ʺW; Warren County)</subfield>
  </datafield>
</record>